<?xml version="1.0" encoding="UTF-8"?><collection xmlns="http://www.loc.gov/MARC21/slim"><record><leader>00400nam--2200133-i-4500</leader><controlfield tag="001">000040662</controlfield><controlfield tag="002">20161230</controlfield><controlfield tag="005">20161230201042</controlfield><controlfield tag="008">060222s1000------------r-----000-0-eng-d</controlfield><datafield ind1=" " ind2=" " tag="100"><subfield code="a">Schreiber,Alfred</subfield></datafield><datafield ind1=" " ind2=" " tag="245"><subfield code="a">Uber orogene bewegungen im unterrotliegenden der thuringer waldes</subfield></datafield><datafield ind1=" " ind2=" " tag="260"><subfield code="a">Berlin, Akad.Verlag, 1955. 55 P. + 2 Pl</subfield></datafield><datafield ind1=" " ind2=" " tag="490"><subfield code="a">Abh.Deutsch.Akad.Wiss.Zu Berlin,Kls.F.Math</subfield></datafield><datafield ind1=" " ind2=" " tag="852"><subfield code="a">6020</subfield></datafield></record></collection>